<?xml version="1.0" encoding="UTF-8" ?><marc:collection xmlns:marc="http://www.loc.gov/MARC21/slim" xmlns:xsi="http://www.w3.org/2001/XMLSchema-instance" xsi:schemaLocation="http://www.loc.gov/MARC21/slim http://www.loc.gov/standards/marcxml/schema/MARC21slim.xsd">
<marc:record><marc:leader>03147caa a2200577   4500</marc:leader>
<marc:controlfield tag="001">4347601</marc:controlfield>
<marc:controlfield tag="005">20120607170549.0</marc:controlfield><marc:controlfield tag="008">100331e201003  |||      n    000 0 eng  </marc:controlfield><marc:datafield tag="016" ind1="7" ind2=" "><marc:subfield code="a">IND44347601</marc:subfield><marc:subfield code="2">DNAL</marc:subfield></marc:datafield><marc:datafield tag="035" ind1=" " ind2=" "><marc:subfield code="a">4347601</marc:subfield></marc:datafield><marc:datafield tag="040" ind1=" " ind2=" "><marc:subfield code="a">AGL</marc:subfield></marc:datafield><marc:datafield tag="072" ind1=" " ind2="0"><marc:subfield code="a">F120</marc:subfield></marc:datafield><marc:datafield tag="072" ind1=" " ind2="0"><marc:subfield code="a">J700</marc:subfield></marc:datafield><marc:datafield tag="072" ind1=" " ind2="0"><marc:subfield code="a">B200</marc:subfield></marc:datafield><marc:datafield tag="072" ind1=" " ind2="0"><marc:subfield code="a">J710</marc:subfield></marc:datafield><marc:datafield tag="100" ind1="1" ind2=" "><marc:subfield code="a">Park, S.E.</marc:subfield></marc:datafield><marc:datafield tag="245" ind1="1" ind2="0"><marc:subfield code="a">More than Eco-efficiency is Required to Improve Food Security</marc:subfield><marc:subfield code="h">[electronic resource].</marc:subfield></marc:datafield><marc:datafield tag="300" ind1=" " ind2=" "><marc:subfield code="a">p.  S132-S141.</marc:subfield></marc:datafield><marc:datafield tag="504" ind1=" " ind2=" "><marc:subfield code="a">Includes references</marc:subfield></marc:datafield><marc:datafield tag="520" ind1=" " ind2=" "><marc:subfield code="a">Agricultural eco-efficiency is promoted as a means of increasing agricultural production and improving the security of food systems in response to climate change. The rationale is that economic and environmental resources will be used more efficiently, enabling increased amounts of food to be produced from the same amount or fewer inputs. We used (i) a quantitative literature analysis to examine current usage of the eco-efficiency concept to assess strategies aimed at improving food security under climate change, and (ii) a wheat (Triticum aestivum L.) simulation experiment to consider possible tradeoffs between economic benefits of agricultural intensification, environmental performance, and social impacts. Two issues were highlighted from this. First, the relationship between economic and environmental outcomes is regularly assumed, leading to potentially erroneous conclusions and unintended outcomes. Second, the lack of any consideration for the social dimensions of food security ignores variability in incomes generated from agricultural production, and the potential for reduced quantities of food to be produced as a rational response to maximizing gross margins. We suggest the eco-efficiency concept explicitly include social as well as economic and environmental criteria if it is to avoid poor rates of uptake of eco-efficiency technologies, the promotion of practices that reduce the effectiveness of hunger-reduction efforts, and unintended environmental degradation.</marc:subfield></marc:datafield><marc:datafield tag="650" ind1=" " ind2="3"><marc:subfield code="a">Triticum aestivum</marc:subfield></marc:datafield><marc:datafield tag="650" ind1=" " ind2="3"><marc:subfield code="a">wheat</marc:subfield></marc:datafield><marc:datafield tag="650" ind1=" " ind2="3"><marc:subfield code="a">crop production</marc:subfield></marc:datafield><marc:datafield tag="650" ind1=" " ind2="3"><marc:subfield code="a">crop yield</marc:subfield></marc:datafield><marc:datafield tag="650" ind1=" " ind2="3"><marc:subfield code="a">sustainable agriculture</marc:subfield></marc:datafield><marc:datafield tag="650" ind1=" " ind2="3"><marc:subfield code="a">food security</marc:subfield></marc:datafield><marc:datafield tag="650" ind1=" " ind2="3"><marc:subfield code="a">climate change</marc:subfield></marc:datafield><marc:datafield tag="650" ind1=" " ind2="3"><marc:subfield code="a">intensive cropping</marc:subfield></marc:datafield><marc:datafield tag="650" ind1=" " ind2="3"><marc:subfield code="a">agroecology</marc:subfield></marc:datafield><marc:datafield tag="650" ind1=" " ind2="3"><marc:subfield code="a">environmental impact</marc:subfield></marc:datafield><marc:datafield tag="650" ind1=" " ind2="3"><marc:subfield code="a">meta-analysis</marc:subfield></marc:datafield><marc:datafield tag="650" ind1=" " ind2="3"><marc:subfield code="a">social impact</marc:subfield></marc:datafield><marc:datafield tag="650" ind1=" " ind2="3"><marc:subfield code="a">environmental degradation</marc:subfield></marc:datafield><marc:datafield tag="650" ind1=" " ind2="3"><marc:subfield code="a">net farm income</marc:subfield></marc:datafield><marc:datafield tag="650" ind1=" " ind2="3"><marc:subfield code="a">profit maximization</marc:subfield></marc:datafield><marc:datafield tag="650" ind1=" " ind2="3"><marc:subfield code="a">pollution control</marc:subfield></marc:datafield><marc:datafield tag="653" ind1=" " ind2=" "><marc:subfield code="a">literature reviews</marc:subfield></marc:datafield><marc:datafield tag="653" ind1=" " ind2=" "><marc:subfield code="a">economic benefits</marc:subfield></marc:datafield><marc:datafield tag="655" ind1=" " ind2="3"><marc:subfield code="a">Internet resource</marc:subfield></marc:datafield><marc:datafield tag="700" ind1="1" ind2=" "><marc:subfield code="a">Howden, S.M.</marc:subfield></marc:datafield><marc:datafield tag="700" ind1="1" ind2=" "><marc:subfield code="a">Crimp, S.J.</marc:subfield></marc:datafield><marc:datafield tag="700" ind1="1" ind2=" "><marc:subfield code="a">Gaydon, D.S.</marc:subfield></marc:datafield><marc:datafield tag="700" ind1="1" ind2=" "><marc:subfield code="a">Attwood, S.J.</marc:subfield></marc:datafield><marc:datafield tag="700" ind1="1" ind2=" "><marc:subfield code="a">Kokic, P.N.</marc:subfield></marc:datafield><marc:datafield tag="773" ind1="0" ind2=" "><marc:subfield code="t">Crop science.</marc:subfield><marc:subfield code="g">2010 Mar-Apr, v. 50, suppl. 1</marc:subfield><marc:subfield code="o">1022783247</marc:subfield><marc:subfield code="x">0011-183X</marc:subfield><marc:subfield code="7">nnas</marc:subfield><marc:subfield code="9">jnl44570</marc:subfield></marc:datafield><marc:datafield tag="852" ind1=" " ind2=" "><marc:subfield code="a">DNAL</marc:subfield><marc:subfield code="i">64.8 C883</marc:subfield></marc:datafield><marc:datafield tag="856" ind1="4" ind2="0"><marc:subfield code="u">http://dx.doi.org/10.2135/cropsci2009.10.0566</marc:subfield><marc:subfield code="y">Available from publisher's Web site</marc:subfield></marc:datafield><marc:datafield tag="930" ind1=" " ind2=" "><marc:subfield code="a">20100528</marc:subfield><marc:subfield code="b">20100605</marc:subfield><marc:subfield code="c">00000000</marc:subfield></marc:datafield><marc:datafield tag="939" ind1=" " ind2=" "><marc:subfield code="a">20100401</marc:subfield><marc:subfield code="b">20100403</marc:subfield><marc:subfield code="c">00000000</marc:subfield></marc:datafield><marc:datafield tag="945" ind1=" " ind2=" "><marc:subfield code="a">IND</marc:subfield><marc:subfield code="d">9CT</marc:subfield><marc:subfield code="e">2010/05/03</marc:subfield></marc:datafield><marc:datafield tag="946" ind1=" " ind2=" "><marc:subfield code="a">Other US</marc:subfield></marc:datafield></marc:record>
</marc:collection>
